<?xml version="1.0" encoding="UTF-8"?><collection xmlns="http://www.loc.gov/MARC21/slim"><record><leader>00413nam--2200133-i-4500</leader><controlfield tag="001">000023594</controlfield><controlfield tag="002">20161230</controlfield><controlfield tag="005">20161230201035</controlfield><controlfield tag="008">060222s1000------------r-----000-0-eng-d</controlfield><datafield ind1=" " ind2=" " tag="080"><subfield code="a">621.039.83:63(061.3)</subfield></datafield><datafield ind1=" " ind2=" " tag="245"><subfield code="a">European society of nuclear methods in agriculture.1969-1970</subfield></datafield><datafield ind1=" " ind2=" " tag="260"><subfield code="a">Belgrade-zemun, The Union Of Biological Scientific Societies Of Yugoslavia, 1970.72p</subfield></datafield><datafield ind1=" " ind2=" " tag="490"><subfield code="a">Proceedings</subfield></datafield><datafield ind1=" " ind2=" " tag="852"><subfield code="a">3175</subfield></datafield></record></collection>